@book{梁昌洪2006简明微波,
  title     = {简明微波},
  author    = {梁昌洪 and 谢拥军 and 官伯然},
  publisher = {高等教育出版社},
  year      = {2006}
}
@misc{1,
  author       = {},
  title        = {矩形波导的尺寸和名称对应表},
  howpublished = {\url{http://www.sine.cn/news/199.html}}
}
@misc{2,
  author       = {},
  title        = {RF设计中的阻抗匹配及50欧姆的由来},
  howpublished = {\url{https://www.sohu.com/a/381176785_472928}}
}
@misc{3,
  author       = {},
  title        = {射频工程师必知必会——为什么是“50欧姆”？},
  howpublished = {\url{http://murata.eetrend.com/article/2020-09/1003874.html}}
}